!TRNS	DATE	TRNSTYPE	ACCNT	NAME	AMOUNT	MEMO
!SPL	DATE	TRNSTYPE	ACCNT	NAME	AMOUNT	MEMO
!ENDTRNS
TRNS	02/11/13	CHECK	BPCA	LOAN PAYMENT	-1111.71	DONT CAP    543,34 ASS.    0,00E INT.   568,37 COM.    0,00E
SPL	02/11/13	CHECK	TEMPIMPORT	LOAN PAYMENT	1111.71	DONT CAP    543,34 ASS.    0,00E INT.   568,37 COM.    0,00E
ENDTRNS
TRNS	02/08/13	CHECK	BPCA	DDT Free Telecom	-38.08	Free HautDebit 395668820 N.EMETTEUR: 459654
SPL	02/08/13	CHECK	TEMPIMPORT	DDT Free Telecom	38.08	Free HautDebit 395668820 N.EMETTEUR: 459654
ENDTRNS
TRNS	01/31/13	CHECK	BPCA	SUBSCRIP CYBER+	-1.50	 
SPL	01/31/13	CHECK	TEMPIMPORT	SUBSCRIP CYBER+	1.50	 
ENDTRNS
TRNS	01/22/13	DEPOSIT	BPCA	CHEQUE PAYMENT	932.60	00001302240957172999P
SPL	01/22/13	DEPOSIT	TEMPIMPORT	CHEQUE PAYMENT	-932.60	00001302240957172999P
ENDTRNS
